<?xml version="1.0" encoding="UTF-8"?><collection xmlns="http://www.loc.gov/MARC21/slim"><record><leader>00624nam--2200193-i-4500</leader><controlfield tag="001">000048949</controlfield><controlfield tag="002">20161230</controlfield><controlfield tag="005">20161230201047</controlfield><controlfield tag="008">060222s1000------------r-----000-0-eng-d</controlfield><datafield ind1=" " ind2=" " tag="020"><subfield code="a">0677124104</subfield></datafield><datafield ind1=" " ind2=" " tag="040"><subfield code="a">IFIN-HH</subfield></datafield><datafield ind1=" " ind2=" " tag="080"><subfield code="a">539.163.2(061.3)</subfield></datafield><datafield ind1="1" ind2=" " tag="100"><subfield code="a">Hamilton, Joseph H</subfield></datafield><datafield ind1="1" ind2="0" tag="245"><subfield code="a">Radioactivity in nuclear spectroscopy</subfield><subfield code="b">Volume one modern techniques and applications</subfield><subfield code="c">Joseph h. hamilton, jose c. manthuruthil (eds.)</subfield></datafield><datafield ind1=" " ind2=" " tag="260"><subfield code="a">New York</subfield><subfield code="b">Gordon And Breach, Science Publishers</subfield><subfield code="c">1972</subfield></datafield><datafield ind1=" " ind2=" " tag="300"><subfield code="a">XI+578P</subfield></datafield><datafield ind1="1" ind2=" " tag="700"><subfield code="a">Manthuruthil, Jose C</subfield><subfield code="e">Ed</subfield></datafield><datafield ind1=" " ind2=" " tag="852"><subfield code="a">39805</subfield><subfield code="c">539.163.2</subfield></datafield><datafield ind1=" " ind2=" " tag="CAT"><subfield code="a">Sys</subfield><subfield code="c">20120524</subfield><subfield code="h">144621</subfield></datafield></record></collection>